<record><leader>00000cas a22000007a 4500</leader><controlfield tag="001">20064872</controlfield><controlfield tag="008">890725d183618uutnuwr ne      0    0eng d</controlfield><datafield ind1=" " ind2=" " tag="010"><subfield code="a">sn 89071360 </subfield></datafield><datafield ind1=" " ind2=" " tag="040"><subfield code="a">NYG</subfield><subfield code="b">eng</subfield><subfield code="c">NYG</subfield><subfield code="d">OCLCQ</subfield></datafield><datafield ind1=" " ind2=" " tag="042"><subfield code="a">msc</subfield></datafield><datafield ind1="0" ind2=" " tag="130"><subfield code="a">Athens Republican (Athens, Tenn. : 1836)</subfield></datafield><datafield ind1="1" ind2="0" tag="245"><subfield code="a">Athens Republican.</subfield></datafield><datafield ind1=" " ind2=" " tag="260"><subfield code="a">Athens, Tenn. :</subfield><subfield code="b">J.M. Gibbs</subfield></datafield><datafield ind1=" " ind2=" " tag="300"><subfield code="a">v.</subfield></datafield><datafield ind1="1" ind2=" " tag="362"><subfield code="a">Began in 1836?</subfield></datafield><datafield ind1=" " ind2=" " tag="588"><subfield code="a">Description based on: No. 10 (Nov. 16, 1836).</subfield></datafield><datafield ind1=" " ind2=" " tag="752"><subfield code="a">United States</subfield><subfield code="b">Tennessee</subfield><subfield code="c">McMinn</subfield><subfield code="d">Athens.</subfield></datafield></record>